<?xml version="1.0" encoding="UTF-8"?><collection xmlns="http://www.loc.gov/MARC21/slim"><record><leader>00441nam--2200133-i-4500</leader><controlfield tag="001">000027295</controlfield><controlfield tag="002">20161230</controlfield><controlfield tag="005">20161230201036</controlfield><controlfield tag="008">060222s1000------------r-----000-0-eng-d</controlfield><datafield ind1=" " ind2=" " tag="080"><subfield code="a">621.38:536.483(043)</subfield></datafield><datafield ind1=" " ind2=" " tag="100"><subfield code="a">Hermier, Yves</subfield></datafield><datafield ind1=" " ind2=" " tag="245"><subfield code="a">Mise en place d`un refrigerateur a dilution et d`un dispositif d`etalonnage de capteurs thermometriques entre 50 mk et 4.2k.these</subfield></datafield><datafield ind1=" " ind2=" " tag="260"><subfield code="a">Orsay, Universite De Paris-sud, 1980. 70p</subfield></datafield><datafield ind1=" " ind2=" " tag="852"><subfield code="a">70626</subfield></datafield></record></collection>